
@article{
	ChamonLiu-439,
	Author = {Chamon, Marcos and Liu, Kai and Prasad, Eswar},
	Title = {Income uncertainty and household savings in China},
	Journal = {Journal of Development Economics},
	Volume = {105},
	Pages = {164-177},
	Year = {2013} }




@article{
	FelbermayrImpullitti-435,
	Author = {Felbermayr, Gabriel and Impullitti, Giammario and Prat, Julien},
	Title = {Firm dynamics and residual inequality in open economies},
	Journal = {Journal of the European Economic Association},
	Volume = {16},
	Number = {5},
	Pages = {1476-1539},
	Year = {2018} }




@article{
	JappelliPistaferri-433,
	Author = {Jappelli, Tullio and Pistaferri, Luigi},
	Title = {The consumption response to income changes},
	Journal = {Annu. Rev. Econ.},
	Volume = {2},
	Number = {1},
	Pages = {479-506},
	Year = {2010} }




@article{
	Rosenfeld-442,
	Author = {Rosenfeld, Michael J.},
	Title = {Racial, educational and religious endogamy in the United States: A comparative historical perspective},
	Journal = {Social Forces},
	Volume = {87},
	Number = {1},
	Pages = {1-31},
	Year = {2008} }




@article{
	李静潘丽群-420,
	Author = {李静 and 潘丽群 and 踪家峰},
	Key = {li jing & pan li qun & zong jia feng},
	Title = {“门当户对”加剧收入不平等吗},
	Journal = {统计研究},
	Volume = {32},
	Number = {11},
	Pages = {65-71},
	Note = {11-1302/C},
	Abstract = {本文利用中国家庭收入调查(CHIP)数据,通过反事实实验发现正向选择的婚姻匹配会加剧家庭的收入不平等;进一步计算匹配概率发现中国的婚配不但存在自身职业阶层的正向匹配,也存在依据父亲职业阶层的"门当户对"的正向匹配,而且后者的匹配趋势增强。同时,数据说明代际传承之间阶层固化趋势明显。利用倾向得分匹配方法来测算婚配对不同阶层家庭的收入效应,发现"门当户对"对高低阶层家庭收入产生马太效应,而且阶层固化条件下"门当户对"的马太效应增强,加剧家庭收入不平等。},
	Keywords = {正向选择婚配;;阶层固化;;收入不平等;;倾向得分匹配},
	Year = {2015} }




@book{
	陆铭-455,
	Author = {陆铭},
	Key = {lu ming},
	Title = {大国大城},
	Publisher = {上海人民出版社},
	Address = {上海},
	Year = {2016} }




@article{
	骆永民樊丽明-410,
	Author = {骆永民 and 樊丽明},
	Key = {luo yong min & pan li ming},
	Title = {宏观税负约束下的间接税比重与城乡收入差距},
	Journal = {经济研究},
	Volume = {54},
	Number = {11},
	Pages = {37-53},
	Note = {11-1081/F},
	Abstract = {本文在宏观税负约束的条件下,分析了间接税在总税收中比重的变化会对城乡收入差距产生何种影响。通过构建动态一般均衡模型和相应数值模拟分析,本文发现:随着间接税比重的提高,城乡收入差距扩大;在间接税比重不变的情况下,提升工业品商品税在间接税中的比重能够缩小城乡收入差距;当城乡之间的生产率差距、居民工资差距、人均财政支出差距变小时,间接税比重对城乡收入差距的边际作用变小,也即随着城乡二元经济结构特征的弱化,间接税扩大城乡收入差距的作用也在减弱。随后,本文进一步使用中国省级面板数据和多种计量模型对上述结论进行了验证。基于此,进一步降低间接税在总税收中的比重,尤其是在城乡二元经济结构特征明显的地区,将十分有利于缩小城乡收入差距。},
	Keywords = {宏观税负约束;;间接税;;城乡收入差距;;城乡二元经济结构},
	Year = {2019} }




@article{
	缪小林王婷-417,
	Author = {缪小林 and 王婷 and 高跃光},
	Key = {mu xiao lin & wang ting & gao yue guang},
	Title = {转移支付对城乡公共服务差距的影响——不同经济赶超省份的分组比较},
	Journal = {经济研究},
	Volume = {52},
	Number = {02},
	Pages = {52-66},
	Note = {11-1081/F},
	Abstract = {转移支付是我国实现基本公共服务均等化的重要制度安排,在致力于缩小地区间公共服务差距的同时,会对地区内部的城乡公共服务差距产生何种影响?本文通过构建地方政府城乡公共服务支出决策对转移支付的反应函数,并进行实证检验发现:无论中央一般性转移支付还是专项转移支付,均显著地抑制城乡公共服务差距缩小,并依赖于中国分权体制下地方政府本身具有的城乡支出理性偏向,生产性公共服务支出偏向更具边际经济效应的领域,福利性公共服务支出偏向能实现更大社会福利效应的领域。不同经济赶超省份的分组比较还发现,经济赶超水平越高,转移支付抑制城乡公共服务差距缩小的作用越强,且中央战略政策对地方政府城乡公共服务支出偏向的抵御效应有限。本文研究表明,长期处于高经济赶超水平的落后地区,很容易陷入转移支付阻碍城乡公共服务差距缩小的"陷阱",我们不能忽视这类转移支付风险。},
	Keywords = {转移支付;;城乡公共服务差距;;经济赶超},
	Year = {2017} }


